<?xml version="1.0" encoding="UTF-8"?><collection><record><leader>06275ntm a2200553 a 4500</leader><controlfield tag="001">006834164</controlfield><controlfield tag="003">MiAaHDL</controlfield><controlfield tag="005">20190719000000.0</controlfield><controlfield tag="006">m        d        </controlfield><controlfield tag="007">cr bn ---auaua</controlfield><controlfield tag="008">090706q18701893xx            00| ||ara d</controlfield><datafield tag="035" ind1=" " ind2=" "><subfield code="a">(MiU)006834164</subfield></datafield><datafield tag="035" ind1=" " ind2=" "><subfield code="a">sdr-miu006834164</subfield></datafield><datafield tag="040" ind1=" " ind2=" "><subfield code="a">MiU</subfield><subfield code="c">MiU</subfield><subfield code="e">amremm</subfield></datafield><datafield tag="043" ind1=" " ind2=" "><subfield code="a">n-us-mi</subfield></datafield><datafield tag="100" ind1="1" ind2=" "><subfield code="6">880-01</subfield><subfield code="a">Gīlānī, Naẓar ʻAlī ibn Muḥsin.</subfield></datafield><datafield tag="245" ind1="1" ind2="0"><subfield code="6">880-03</subfield><subfield code="a">[Sharḥ ʻAwāmil Mullā Muḥsin Qazwīnī,</subfield><subfield code="f">late 19th century?].</subfield></datafield><datafield tag="246" ind1="3" ind2=" "><subfield code="a">شرح العوامل</subfield></datafield><datafield tag="260" ind1=" " ind2=" "><subfield code="c">[1870-1893?].</subfield></datafield><datafield tag="300" ind1=" " ind2=" "><subfield code="a">146 leaves :</subfield><subfield code="b">paper ;</subfield><subfield code="c">215 x 170 (170 x 110) mm. bound to 218 x 173 mm.</subfield></datafield><datafield tag="500" ind1=" " ind2=" "><subfield code="a">Shelfmark: Ann Arbor, University of Michigan, Special Collections Library, Isl. Ms. 1016</subfield></datafield><datafield tag="500" ind1=" " ind2=" "><subfield code="a">Origin: As appears in colophon on p.294, copied by Karīm al-Ḥusaynī ( كريم الحسيني ). Date of transcription not specified, though author, paper, etc. would suggest latter 19th century and date in oval seal impression may provide a very rough terminus ante quem of 1893 (or even 1884).</subfield></datafield><datafield tag="500" ind1=" " ind2=" "><subfield code="a">Accompanying materials: Blank scrap paginated pp.301-302.</subfield></datafield><datafield tag="500" ind1=" " ind2=" "><subfield code="a">Former shelfmark: Mich. Isl. Ms. temp. no. 165</subfield></datafield><datafield tag="500" ind1=" " ind2=" "><subfield code="a">Binding: Boards covered in green on cream block-printed paper in a reptile (alligator) design with light-brown to gray cloth over spine and board corners (half binding) ; Western style binding ; pastedowns and flyleaves in untinted paper ; blank paper label on spine ; sewn in blue-green thread, two stations ; overall in fairly good condition with split forming at lower hinge.</subfield></datafield><datafield tag="500" ind1=" " ind2=" "><subfield code="a">Support: Wove paper, cream in color with occasional octagonal embossed mark with almond-shaped central cartouche carrying "фабрики | No 5 | Сергьева" (see p.157, 183, 225, 233, 241, 269, 271 and compare no.19 with dates of use 1874, 1876, 1884, 1886 in Виталий Крижановский, Штемпеля на бумаге канцелярии Елисаветградской городской думы (1870–1916 гг.) как исторический источник) and another octagonal embossed mark with circular cartouched carrying "No 5" (see p.195, 199, 202, 207).</subfield></datafield><datafield tag="500" ind1=" " ind2=" "><subfield code="a">Script: Naskh ; spacious, elegant Persianate hand ; seriffed with left-sloping head-serifs on most ascenders (even free-standing alif), fairly vertical (without inclination to the left or right), occasional superscripting of letters and words, many sweeping descenders (final nūn, yāʼ, etc.), final yāʼ unpointed, pointing (two and three dots) in strokes or conjoined dots.</subfield></datafield><datafield tag="500" ind1=" " ind2=" "><subfield code="a">Layout: Written in 16 lines per page ; frame-ruled.</subfield></datafield><datafield tag="500" ind1=" " ind2=" "><subfield code="a">Collation: i, 18 IV(144), I (146), iii ; almost exclusively quaternions ; catchwords present (though occasionally cut off) ; pagination in pencil, Western numerals, supplied during digitization (includes flyleaves and blank scrap).</subfield></datafield><datafield tag="500" ind1=" " ind2=" "><subfield code="a">Colophon: "Scribal," reads "كتبه كريم الحسينى از خواندن التماس دعا دارم"</subfield></datafield><datafield tag="500" ind1=" " ind2=" "><subfield code="a">Explicit: "يجب المحسنين وبالاحسان نختتم الكلام في هذا المقام ... هذا اخر ما اوردنا ايراده في الشرح والتوضيح مع الاشارة الى بعض النكاة الخالية عنها كتب النجاة بالرمز ... ان الله لا يضيع عمل عامل فنعم اجر العالمين ولمثل هذا فليتنافس المتنافسون فان لله وان اليه راجعون والحمد لله رب العالمين ..."</subfield></datafield><datafield tag="500" ind1=" " ind2=" "><subfield code="a">Incipit: "نحمدك يا من يرفع اليه يصعد الكلم والطيب والعمل الصالح يرفعه ... اما بعد يقول العبد الجاني نظر علي ابن محسن الجيلاني ... اني قد كتبت في اوان الصبي شرقا [شرحا ؟] على العوامل المفاضل ... مولانا محسن ... يليق بالصبيان وان كان محتوما على بعض ما استفديتها من كتب الاعلام</subfield></datafield><datafield tag="500" ind1=" " ind2=" "><subfield code="a">Title supplied by cataloguer.</subfield></datafield><datafield tag="500" ind1=" " ind2=" "><subfield code="a">Ms. codex.</subfield></datafield><datafield tag="510" ind1="4" ind2=" "><subfield code="a">Крижанівський, Віталій. Штемпелі на папері канцелярії Єлисаветградської міської думи (1870–1916 рр.) як історичне джерело [= Stamps on paper of Elysavetgrad's city duma and council office used in 1870–1916 as a historical soyrce]. НАУКОВІ ЗАПИСКИ Збірник праць молодих вчених та аспірантів 20 (2010): 172-184.</subfield></datafield><datafield tag="510" ind1="4" ind2=" "><subfield code="a">Brockelmann, C. GAL,</subfield><subfield code="c">S II 585 ; S II 924</subfield></datafield><datafield tag="520" ind1="8" ind2=" "><subfield code="a">Fine copy of the commentary by Naẓar ʻAlī ibn Muḥsin al-Jīlānī (fl. 19th cent.?) upon the grammatical treatise by Muḥsin ibn Muḥammad Ṭāhir al-Qazwīnī al-Naḥwī (fl. 1715), in GAL also attributed to Muḥammad ibn Murtaḍá Mullā Muḥsin Fayḍ-i Kāshānī (Kashānī).</subfield></datafield><datafield tag="538" ind1=" " ind2=" "><subfield code="a">Mode of access: Internet.</subfield></datafield><datafield tag="541" ind1=" " ind2=" "><subfield code="c">Purchase ;</subfield><subfield code="a">Purchased in Egypt by Mr. Sulaiman [?] ;</subfield><subfield code="d">Received: 8-21-68 ;</subfield><subfield code="e">(Asadi 690713-156)</subfield></datafield><datafield tag="546" ind1=" " ind2=" "><subfield code="a">Arabic.</subfield></datafield><datafield tag="561" ind1=" " ind2=" "><subfield code="a">Former inventory marks and book price (١٥٠ ريال) on 'title page' (p.3) ; at opening on p.4, oval seal impression in name of one Nūr Allāh (نور الله) dated 1301 [1883 or 4] or 1310 [1892 or 3], inscription reads "عبده نور الله" ; UM library inscription in pencil on p.5 "General Library | 690713-156 | Asadi |8-21-68" ; effaced oval seal impression at close on p.294 ; fairly clean copy with rare marginal note.</subfield></datafield><datafield tag="600" ind1="1" ind2="0"><subfield code="a">Qazwīnī al-Naḥwī, Muḥsin ibn Muḥammad Ṭāhir,</subfield><subfield code="d">18th cent.</subfield><subfield code="t">ʻAwāmil.</subfield></datafield><datafield tag="650" ind1=" " ind2="0"><subfield code="a">Manuscripts, Arabic</subfield><subfield code="z">Michigan</subfield><subfield code="z">Ann Arbor.</subfield></datafield><datafield tag="650" ind1=" " ind2="0"><subfield code="a">Arabic language</subfield><subfield code="x">Grammar</subfield><subfield code="v">Early works to 1800.</subfield></datafield><datafield tag="700" ind1="0" ind2=" "><subfield code="6">880-05</subfield><subfield code="a">Karīm al-Ḥusaynī,</subfield><subfield code="d">fl. 19th cent.,</subfield><subfield code="e">scribe.</subfield></datafield><datafield tag="773" ind1="0" ind2=" "><subfield code="a">Sulaiman Purchase Collection.</subfield></datafield><datafield tag="880" ind1="0" ind2=" "><subfield code="6">700-05/</subfield><subfield code="a">كريم الحسيني,</subfield><subfield code="e">ناسخ.</subfield></datafield><datafield tag="880" ind1="1" ind2="0"><subfield code="6">245-03/</subfield><subfield code="a">[شرح عوامل ملا محسن قزويني,</subfield><subfield code="f">اواخر القرن 19م؟].</subfield></datafield><datafield tag="880" ind1="1" ind2=" "><subfield code="6">100-01/</subfield><subfield code="a">جيلاني، نظر علي بن محسن.</subfield></datafield><datafield tag="CID" ind1=" " ind2=" "><subfield code="a">006834164</subfield></datafield><datafield tag="DAT" ind1="0" ind2=" "><subfield code="a">20190719102641.0</subfield><subfield code="b">20190719000000.0</subfield></datafield><datafield tag="DAT" ind1="1" ind2=" "><subfield code="a">20190719090653.0</subfield><subfield code="b">2019-07-19T16:12:33Z</subfield></datafield><datafield tag="DAT" ind1="2" ind2=" "><subfield code="a">2015-10-10T18:00:06Z</subfield></datafield><datafield tag="CAT" ind1=" " ind2=" "><subfield code="a">SDR-MIU</subfield><subfield code="d">EX LIBRIS - ALEPH</subfield><subfield code="l">prepare.pl-004-008</subfield></datafield><datafield tag="FMT" ind1=" " ind2=" "><subfield code="a">BK</subfield></datafield><datafield tag="HOL" ind1=" " ind2=" "><subfield code="0">sdr-miu006834164</subfield><subfield code="a">MiU</subfield><subfield code="b">SDR</subfield><subfield code="c">MIU</subfield><subfield code="p">mdp.39015079132000</subfield><subfield code="s">MIU</subfield><subfield code="1">006834164</subfield></datafield><datafield tag="974" ind1=" " ind2=" "><subfield code="b">MIU</subfield><subfield code="c">MIU</subfield><subfield code="d">20190719</subfield><subfield code="s">lit-dlps-dc</subfield><subfield code="u">mdp.39015079132000</subfield><subfield code="y">1893</subfield><subfield code="r">pd</subfield><subfield code="q">exp</subfield></datafield></record></collection>